@misc{gil_wiki,
  author = {{Wikipedia contributors}},
  title = {Global Interpreter Lock},
  url = {\url{https://en.wikipedia.org/wiki/Global_interpreter_lock}},
}

@misc{python_threading,
  author = {Python Software Foundation},
  title = {threading — Thread-based parallelism},
  url = {\url{https://docs.python.org/3/library/threading.html}},
  
}
@misc{python_multiprocessing,
  author = {Python Software Foundation},
  title = {multiprocessing — Process-based parallelism},
  url = {\url{https://docs.python.org/3/library/multiprocessing.html}},

}
@misc{realpython_concurrency,
  author = {Real Python},
  title = {Concurrency in Python: Threading, Multiprocessing, and AsyncIO},
  url = {\url{https://realpython.com/python-concurrency/}},
  
}
@misc{geeksforgeeks_concurrency,
  author = {GeeksforGeeks},
  title = {Multithreading and Multiprocessing in Python},
  url = {\url{https://www.geeksforgeeks.org}},

}
@misc{stackoverflow_concurrency,
  author = {Stack Overflow},
  title = {Python Concurrency: Multithreading vs Multiprocessing Discussions},
  url = {\url{https://stackoverflow.com}},
  
}






